@article{doi:10.1177/1420326X20976058,
author = {Jianguo Wang and Shi-Jie Cao and Chuck Wah Yu},
title ={Development trend and challenges of sustainable urban design in the digital age},
journal = {Indoor and Built Environment},
volume = {30},
number = {1},
pages = {3-6},
year = {2021},
doi = {10.1177/1420326X20976058}

}

@inproceedings{alonso2018cityscope,
  title={Cityscope: a data-driven interactive simulation tool for urban design. Use case volpe},
  author={Alonso, Luis and Zhang, Yan Ryan and Grignard, Arnaud and Noyman, Ariel and Sakai, Yasushi and ElKatsha, Markus and Doorley, Ronan and Larson, Kent},
  booktitle={International conference on complex systems},
  pages={253--261},
  year={2018},
  organization={Springer}
}

@article{10.1093/jamia/ocaa303,
    author = {Kaur, Dhamanpreet and Sobiesk, Matthew and Patil, Shubham and Liu, Jin and Bhagat, Puran and Gupta, Amar and Markuzon, Natasha},
    title = "{Application of Bayesian networks to generate synthetic health data}",
    journal = {Journal of the American Medical Informatics Association},
    volume = {28},
    number = {4},
    pages = {801-811},
    year = {2020},
    month = {12},
   
    doi = {10.1093/jamia/ocaa303}
}
